@book{Deza,
  author = {Deza, Michel Marie and Deza, Elena},
  publisher = {Springer Berlin Heidelberg},
  title = {Encyclopedia of Distances},
  year = 2009
}


@book{Plataniotis,
 author = {Plataniotis, Konstantinos N. and Venetsanopoulos, Anastasios N.},
 title = {Color image processing and applications},
 year = {2000},
 publisher = {Springer-Verlag New York, Inc.},
 address = {New York, NY, USA}
} 


@article{Pekalska,
 author = {Pekalska, Elzbieta and Paclik, Pavel and Duin, Robert P. W.},
 title = {A generalized kernel approach to dissimilarity-based classification},
 journal = {J. Mach. Learn. Res.},
 volume = {2},
 month = mar,
 year = {2002},
 pages = {175--211},
 publisher = {JMLR.org}
} 


@book{Korner, 
author = {Sutherland, Wilson Alexander },
title = {Introduction to metric and topological spaces},
publisher = {Oxford University Press}, 
year = 2009
}

@INPROCEEDINGS{Wilson96,
    author = {Wilson, All and Martinez, Tony R.},
    title = {Heterogeneous radial basis function networks},
    booktitle = {Proceedings of the International Conference on Neural Networks (IJCNN 96},
    year = {1996},
    pages = {126--3}
}

@article{Szeliski2010, 
title={Computer Vision: Algorithms and Applications},
volume={5},
number={3}, 
journal={Computer and Information Science}, 
publisher={Springer-Verlag New York Inc},
author={Szeliski, Richard}, 
year={2010},
pages={832}
}


@misc{Hogg1999,
  author = {Hogg, David W.},
  volume={1},
  title = {Distance measures in cosmology},
  number={3}, 
  journal={New York}, 
  publisher={Cornell University Library}, 
  pages={1--16},
  year = 1999
}

@article{Chen09,
  author = {Chen, Shihyen and Ma, Bin and Zhang, Kaizhong},
  journal = {Theory of Computer Science},
  number = {24-25},
  pages = {2365-2376},
  title = {On the similarity metric and the distance metric.},
  volume = 410,
  year = 2009
}

@book{Shawe2004,
 author = {Shawe-Taylor, John and Cristianini, Nello},
 title = {Kernel Methods for Pattern Analysis},
 year = {2004},
 publisher = {Cambridge University Press},
 address = {New York, NY, USA}
} 


@book{Lee2002,
 title={Introduction to Smooth Manifolds},
 volume={218},
 publisher={Springer},
 author={Lee, John M},
 year={2002},
 pages={648}
}

@book{pisier1999,
  title={The Vol. of Convex Bodies and Banach Space Geometry},
  author={Pisier, G.},
  series={Cambridge Tracts in Mathematics},
  year={1999},
  publisher={Cambridge University Press}
}

@article{Chawla,
  author = {Chawla, N.V. and Bowyer, K.W. and Hall, L.O. and Kegelmeyer, W.P.},
  journal = {Journal of Artificial Intelligence Research},
  pages = {321-357},
  title = {SMOTE: Synthetic Minority Over-sampling Technique},
  volume = 16,
  year = 2002
}


@article{Cover,
  author = {Cover, T. and Hart, P.},
  booktitle = {Information Theory, IEEE Transactions on},
  pages = {21- 27},
  title = {Nearest neighbor pattern classification},
  volume = 13,
  year = 1967
}
